<?xml version="1.0" encoding="UTF-8"?><record xmlns="http://www.loc.gov/MARC21/slim" xmlns:cinclude="http://apache.org/cocoon/include/1.0" xmlns:zs="http://www.loc.gov/zing/srw/">
  <leader>00887cz  a2200193n  4500</leader>
  <controlfield tag="001">n  84216933 </controlfield>
  <controlfield tag="003">DLC</controlfield>
  <controlfield tag="005">20040831062417.0</controlfield>
  <controlfield tag="008">840918n| acannaabn          |a aaa      </controlfield>
  <datafield tag="010" ind1=" " ind2=" ">
    <subfield code="a">n  84216933 </subfield>
  </datafield>
  <datafield tag="035" ind1=" " ind2=" ">
    <subfield code="a">(OCoLC)oca01193836</subfield>
  </datafield>
  <datafield tag="040" ind1=" " ind2=" ">
    <subfield code="a">DLC</subfield>
    <subfield code="b">eng</subfield>
    <subfield code="c">DLC</subfield>
    <subfield code="d">OCoLC</subfield>
    <subfield code="d">DLC-OB</subfield>
  </datafield>
  <datafield tag="100" ind1="1" ind2=" ">
    <subfield code="a">Mariz, Dinarte de Medeiros,</subfield>
    <subfield code="d">1903-</subfield>
  </datafield>
  <datafield tag="400" ind1="1" ind2=" ">
    <subfield code="a">De Medeiros Mariz, Dinarte,</subfield>
    <subfield code="d">1903-</subfield>
  </datafield>
  <datafield tag="400" ind1="1" ind2=" ">
    <subfield code="a">Medeiros Mariz, Dinarte de,</subfield>
    <subfield code="d">1903-</subfield>
  </datafield>
  <datafield tag="400" ind1="1" ind2=" ">
    <subfield code="a">Mariz, Dinarte,</subfield>
    <subfield code="d">1903-</subfield>
  </datafield>
  <datafield tag="670" ind1=" " ind2=" ">
    <subfield code="a">Dinarte, 80 anos, 1983:</subfield>
    <subfield code="b">p. 15 (Dinarte Mariz, sertanejo estadista; senador) p. 157 (Dinarte de Medeiros Mariz)</subfield>
  </datafield>
  <datafield tag="670" ind1=" " ind2=" ">
    <subfield code="a">Dinarte Mariz governou sem cha휍혖 de cadeira, 1998:</subfield>
    <subfield code="b">p. 22 (Dinarte de Medeiros Mariz) p. 118 (b. Aug. 26, 1903, in Serra Negra do Norte [RN]; d. July 09, 1984, in Brasi휍혖lia)</subfield>
  </datafield>
  <datafield tag="670" ind1=" " ind2=" ">
    <subfield code="a">Grande encic. Delta Lar.</subfield>
    <subfield code="b">(Mariz, Dinarte de Medeiros; Brazilian politician, b. Serra Negra RN, 1903)</subfield>
  </datafield>
</record>